<record><leader>00000cas a2200000 a 4500</leader><controlfield tag="001">8253251</controlfield><controlfield tag="008">820318d19731982fludr ne      0    0eng c</controlfield><datafield ind1=" " ind2=" " tag="010"><subfield code="a">sn 82015031 </subfield></datafield><datafield ind1=" " ind2=" " tag="040"><subfield code="a">FSL</subfield><subfield code="b">eng</subfield><subfield code="c">FSL</subfield><subfield code="d">NSD</subfield><subfield code="d">DLC</subfield><subfield code="d">FUG</subfield><subfield code="d">TGN</subfield><subfield code="d">DLC</subfield><subfield code="d">OCLCQ</subfield><subfield code="d">OCLCF</subfield><subfield code="d">OCLCO</subfield></datafield><datafield ind1=" " ind2=" " tag="012"><subfield code="i">9603</subfield></datafield><datafield ind1="1" ind2=" " tag="029"><subfield code="a">AU@</subfield><subfield code="b">000020276885</subfield></datafield><datafield ind1=" " ind2=" " tag="042"><subfield code="a">pcc</subfield></datafield><datafield ind1=" " ind2=" " tag="043"><subfield code="a">n-us-fl</subfield></datafield><datafield ind1="0" ind2="0" tag="050"><subfield code="a">Newspaper</subfield></datafield><datafield ind1="0" ind2="0" tag="245"><subfield code="a">Sentinel star.</subfield></datafield><datafield ind1=" " ind2=" " tag="260"><subfield code="a">Orlando, Fla. :</subfield><subfield code="b">Sentinel Star Co.,</subfield><subfield code="c">1973-1982.</subfield></datafield><datafield ind1=" " ind2=" " tag="300"><subfield code="a">v. :</subfield><subfield code="b">ill. ;</subfield><subfield code="c">56-70 cm.</subfield></datafield><datafield ind1=" " ind2=" " tag="310"><subfield code="a">Daily</subfield></datafield><datafield ind1="0" ind2=" " tag="362"><subfield code="a">97th year, no. 22 (Jan. 22, 1973)-106th year, no. 115 (Apr. 25, 1982).</subfield></datafield><datafield ind1=" " ind2=" " tag="500"><subfield code="a">Published in multiple editions.</subfield></datafield><datafield ind1=" " ind2=" " tag="500"><subfield code="a">"Independent." Cf. Ayer, 1976.</subfield></datafield><datafield ind1=" " ind2=" " tag="525"><subfield code="a">Has supplement: Little sentinel, &lt;1982&gt;.</subfield></datafield><datafield ind1=" " ind2=" " tag="530"><subfield code="a">Also issued on microfilm from Bell &amp; Howell, Micro Photo Division.</subfield></datafield><datafield ind1=" " ind2="0" tag="651"><subfield code="a">Orlando (Fla.)</subfield><subfield code="v">Newspapers.</subfield></datafield><datafield ind1=" " ind2="0" tag="651"><subfield code="a">Orange County (Fla.)</subfield><subfield code="v">Newspapers.</subfield></datafield><datafield ind1=" " ind2="7" tag="655"><subfield code="a">Newspapers.</subfield><subfield code="2">fast</subfield><subfield code="0">(OCoLC)fst01423814</subfield></datafield><datafield ind1=" " ind2="7" tag="651"><subfield code="a">Florida</subfield><subfield code="z">Orange County.</subfield><subfield code="2">fast</subfield><subfield code="0">(OCoLC)fst01211878</subfield></datafield><datafield ind1=" " ind2="7" tag="651"><subfield code="a">Florida</subfield><subfield code="z">Orlando.</subfield><subfield code="2">fast</subfield><subfield code="0">(OCoLC)fst01204036</subfield></datafield><datafield ind1="0" ind2="2" tag="740"><subfield code="a">Little sentinel.</subfield></datafield><datafield ind1=" " ind2=" " tag="752"><subfield code="a">United States</subfield><subfield code="b">Florida</subfield><subfield code="c">Orange</subfield><subfield code="d">Orlando.</subfield></datafield><datafield ind1="0" ind2="4" tag="780"><subfield code="t">Orlando sentinel (Orlando, Fla. : 1953)</subfield><subfield code="w">(DLC)sn 96027194</subfield><subfield code="w">(OCoLC)34297094</subfield></datafield><datafield ind1="0" ind2="4" tag="780"><subfield code="t">Orlando evening star</subfield><subfield code="w">(DLC)sn 97027716</subfield><subfield code="w">(OCoLC)36699002</subfield></datafield><datafield ind1="0" ind2="0" tag="785"><subfield code="t">Orlando sentinel (Orlando, Fla. : 1982)</subfield><subfield code="x">0744-6055</subfield><subfield code="w">(DLC)sn 82002567</subfield><subfield code="w">(OCoLC)8377285</subfield></datafield><datafield ind1=" " ind2=" " tag="850"><subfield code="a">FU</subfield></datafield></record>